@book{himmelblau75,
  author = {Д. Химмельблау},
  title = {Прикладное нелинейное программирование},
  publisher = {Мир},
  year = 1975,
  pages = {215},
  address = {М.}
}

@book{chernorutsky04,
  author = {И. Г. Черноруцкий},
  title = {Методы оптимизации в теории управления},
  publisher = {Питер},
  year = 2004,
  numpages = 256,
  address = {СПб.}
}

@book{taha05,
  author = {Х. Таха},
  title = {Введение в исследование операций},
  publisher = {Вильямс},
  year = 2005,
  numpages = 912,
  address = {М.}
}